<?xml version="1.0" encoding="UTF-8"?><record xmlns="http://www.loc.gov/MARC21/slim" xmlns:cinclude="http://apache.org/cocoon/include/1.0" xmlns:zs="http://www.loc.gov/zing/srw/">
  <leader>00469nz  a2200121n  4500</leader>
  <controlfield tag="001">n  91079527 </controlfield>
  <controlfield tag="003">DLC</controlfield>
  <controlfield tag="005">19910809153345.6</controlfield>
  <controlfield tag="008">910809n| acannaab|          |n aaa |||  </controlfield>
  <datafield tag="010" ind1=" " ind2=" ">
    <subfield code="a">n  91079527 </subfield>
  </datafield>
  <datafield tag="040" ind1=" " ind2=" ">
    <subfield code="a">DLC</subfield>
    <subfield code="c">DLC</subfield>
  </datafield>
  <datafield tag="100" ind1="1" ind2="0">
    <subfield code="a">Zlokarnik, Marko,</subfield>
    <subfield code="d">1931-</subfield>
  </datafield>
  <datafield tag="670" ind1=" " ind2=" ">
    <subfield code="a">His Dimensional analysis and scale-up ... c1991:</subfield>
    <subfield code="b">CIP t.p. (Marko Zlokarnik) t.p. verso (Prof. Dr.-Ing. Marko Zlokarnik, Bayer AG, GeschaĚftsber Zentrale Forschung, Bayerwerk, Germany) data sheet (b. 3-3-31)</subfield>
  </datafield>
</record>